<record xmlns="http://www.loc.gov/MARC21/slim" xmlns:xsi="http://www.w3.org/2001/XMLSchema-instance" xsi:schemaLocation="http://www.loc.gov/MARC21/slim http://www.loc.gov/standards/marcxml/schema/MARC21slim.xsd">

  <leader>00541nam a2200157   4500</leader>
  <controlfield tag="008">160727b2012    cr ||||| |||| 00| | spa d</controlfield>
  <datafield tag="020" ind2=" " ind1=" ">
    <subfield code="a">9789977926384</subfield>
  </datafield>
  <datafield tag="090" ind2=" " ind1=" ">
    <subfield code="a">06.02.01</subfield>
    <subfield code="b">2351</subfield>
  </datafield>
  <datafield tag="100" ind1="1" ind2=" ">
    <subfield code="9">1903</subfield>
    <subfield code="a">Jara Holliday, Oscar</subfield>
  </datafield>
  <datafield ind2="3" ind1="1" tag="245">
    <subfield code="a">La sistematización de experiencias: práctica y teoría para otros mundos posibles / </subfield>
    <subfield code="c">Oscar Jara H.</subfield>
  </datafield>
  <datafield tag="260" ind2=" " ind1=" ">
    <subfield code="a">San José, Costa Rica :</subfield>
    <subfield code="b">Centro de Estudios y Publicaciones Alforja,</subfield>
    <subfield code="c">2012</subfield>
  </datafield>
  <datafield ind2=" " ind1=" " tag="300">
    <subfield code="a">309 páginas</subfield>
  </datafield>
  <datafield tag="650" ind1="1" ind2="4">
    <subfield code="9">1</subfield>
    <subfield code="a">EDUCACIÓN</subfield>
  </datafield>
  <datafield tag="650" ind2="4" ind1="1">
    <subfield code="9">1904</subfield>
    <subfield code="a">EDUCACIÓN POPULAR</subfield>
  </datafield>
  <datafield ind1=" " ind2=" " tag="942">
    <subfield code="2">z</subfield>
    <subfield code="c">01</subfield>
  </datafield>
  <datafield ind1=" " ind2=" " tag="999">
    <subfield code="c">3285</subfield>
    <subfield code="d">3285</subfield>
  </datafield>
</record>